{1:F01PT BANK NEGARA INDONESIA}{2:I940}{4:
:20:20220804070032
:25:6600100001
:28C:215
:60F:C220803IDR7357704119
:61:220803DR90777777NTRF//
:86:TRANSFER KE|933578|TRF TO:0189960259|||PEMINDAHAN KE   189960259 SIMSEM PAYROLL BNI DIRECT-L|||Hasil Bersih lelang RL-744/04/2022||
:61:220803DR2400000NTRF//
:86:TRANSFER KE|259621|||||||BILL PAYMENT (MPN G2 IDR  ) NO :820220803088846||
:61:220803DR2723334NTRF//
:86:TRANSFER KE|260151|||||||BILL PAYMENT (MPN G2 IDR  ) NO :820220803087340||
:61:220803DR48000NTRF//
:86:TRANSFER KE|260418|||||||BILL PAYMENT (MPN G2 IDR  ) NO :820220803085155||
:61:220803CR283100000NTRF//
:86:TRF/PAY/TOP-UP ECHANNEL|796770||5326680060039554|S1AMDNR002      833|PEMINDAHAN DARI 1999100852  MUHAMMAD YAZID HEDRA|||9880052522503149 Muhammad Yazid Hedra TCDHL9||
:61:220803CR770000NTRF//
:86:TRF/PAY/TOP-UP ECHANNEL|681370||6013011229847404|OM360002000088881797||||9880052522382410 johan efredi saragi KNA3O5||
:61:220803CR175000NTRF//
:86:TRANSFER DARI|904876||||PEMINDAHAN DARI 274598198 Sdr GOBANG  TIYOSO|||9880052522761890 GOBANG TIYOSO 02XGI7||
:61:220803CR770000NTRF//
:86:TRANSFER DARI|978946||||PEMINDAHAN DARI 1169578823 Bpk   USMAN|||9880052522167293 usman KNA3O5||
:61:220803CR175000NTRF//
:86:TRANSFER DARI|984117||||PEMINDAHAN DARI 1169578823 Bpk   USMAN|||9880052522978432 usman 02XGI7||
:61:220803CR770000NTRF//
:86:TRANSFER DARI|984519||||PEMINDAHAN DARI 699395048 Bpk M RIZAL LUBIS|||9880052522953762 M. Rizal Lubis KNA3O5||
:61:220803CR175000NTRF//
:86:TRANSFER DARI|985806||||PEMINDAHAN DARI 699395048 Bpk M RIZAL LUBIS|||9880052522213679 M. Rizal Lubis 02XGI7||
:61:220803CR175000NTRF//
:86:TRANSFER DARI|137870|228314Z000843614     22080314450000843614 OVO API|||PEMINDAHAN DARI 7997991993    VISIONET INTERNASIONAL|||9880052522216794 Khairuddin 02XGI7||
:61:220803CR770000NTRF//
:86:TRANSFER DARI|841840|RAJA ABDUL HARIS HARA20220803150818159365 DANA API|||PEMINDAHAN DARI 8777788667    ESPAY DEBIT INDONESIA K|||9880052522520869 Raja Abdul Haris Harahap KNA3O5||
:61:220803CR770000NTRF//
:86:TRF/PAY/TOP-UP ECHANNEL|685816||5371762650573681|S1EUSUR019      447|PEMINDAHAN DARI 1150855231 Sdr MHD HENDRA SYAHPUTRA|||9880052522701489 Muhammad hendra syahputra KNA3O5||
:61:220803CR175000NTRF//
:86:TRF/PAY/TOP-UP ECHANNEL|043911||4097669911020000|OE360008362591212993||||9880052522652894 Regen salem sinaga 02XGI7||
:61:220803CR770000NTRF//
:86:TRF/PAY/TOP-UP ECHANNEL|773968||4097669911020000|OE360008365280213320||||9880052522192037 Regen salem sinaga KNA3O5||
:61:220803CR25000000NTRF//
:86:TRF/PAY/TOP-UP ECHANNEL|244991||5198932650439453|S1IMDNA077      9564|PEMINDAHAN DARI 1362269509 Ibu TENNY BR SITEPU|||9880052522038194 Jekson marpaung HULGIM||
:61:220803CR25000000NTRF//
:86:TRF/PAY/TOP-UP ECHANNEL|356212||5260512021776487|S1ACMB9503      2395|PEMINDAHAN DARI 19509|||9880052522679815 Ronierizaldysiregar HULGIM||
:61:220803CR770000NTRF//
:86:TRF/PAY/TOP-UP ECHANNEL|506443||5260512004687784|S1ACMB9503      2498|PEMINDAHAN DARI 6119|||9880052522015387 Azwien Poernawan KNA3O5||
:61:220803CR770000NTRF//
:86:TRANSFER DARI|982154||||PEMINDAHAN DARI 906801605 Bpk   AMIN|||9880052522769045 Amin KNA3O5||
:61:220803CR770000NTRF//
:86:TRF/PAY/TOP-UP ECHANNEL|709392||6013013070970434|OM360002000088886906||||9880052522534208 ARDIANSYAH CITRA P KNA3O5||
:61:220803CR770000NTRF//
:86:TRANSFER DARI|901990||||PEMINDAHAN DARI 605418068 Bpk   BUDIANTO|||9880052522398250 Budianto KNA3O5||
:61:220803CR175000NTRF//
:86:TRANSFER DARI|906021||||PEMINDAHAN DARI 605418068 Bpk   BUDIANTO|||9880052522381572 Budianto 02XGI7||
:61:220803CR175000NTRF//
:86:TRF/PAY/TOP-UP ECHANNEL|421789||5260512017778281|S1ACMB9503      4716|PEMINDAHAN DARI 78651|||9880052522270319 Rudy Ginting 02XGI7||
:61:220803CR770000NTRF//
:86:TRANSFER DARI|919252|22831M3M00947293     22080320545800947293 OVO API|||PEMINDAHAN DARI 7997991993    VISIONET INTERNASIONAL|||9880052522280159 Khairuddin KNA3O5||
:61:220803CR175000NTRF//
:86:TRANSFER DARI|911762||||PEMINDAHAN DARI 1286638744 Sdr DEDE  IRWANDA|||9880052522194705 Dede irwanda 02XGI7||
:61:220803CR175000NTRF//
:86:TRF/PAY/TOP-UP ECHANNEL|707453||4097669911020000|OE360008401023317231||||9880052522439608 Rico syahputra 02XGI7||
:62F:C220803IDR7604900008
:64:C220803IDR7604900008 
-}